<?xml version="1.0" encoding="UTF-8"?><collection xmlns="http://www.loc.gov/MARC21/slim"><record><leader>00607nam--2200205-i-4500</leader><controlfield tag="001">000036713</controlfield><controlfield tag="002">20161230</controlfield><controlfield tag="005">20161230201041</controlfield><controlfield tag="008">060222s1000------------r-----000-0-rum-d</controlfield><datafield ind1=" " ind2=" " tag="040"><subfield code="a">IFIN-HH</subfield></datafield><datafield ind1=" " ind2=" " tag="041"><subfield code="a">rum</subfield></datafield><datafield ind1=" " ind2=" " tag="080"><subfield code="a">531/534(075.8)</subfield></datafield><datafield ind1="1" ind2=" " tag="100"><subfield code="b">Plavitu, A</subfield></datafield><datafield ind1="1" ind2="0" tag="245"><subfield code="a">Probleme de mecanica fizica si acustica</subfield><subfield code="c">A. Plavitu, A. Hristev, L. Georgescu, D. Borsan, V. Dima, C. Stanescu, L. Ionescu, R. Moldovan</subfield></datafield><datafield ind1=" " ind2=" " tag="250"><subfield code="a">Ed.Ii-a</subfield></datafield><datafield ind1=" " ind2=" " tag="260"><subfield code="a">Bucuresti, Editura Didactica Si Pedagogica, 1981,</subfield></datafield><datafield ind1=" " ind2=" " tag="300"><subfield code="a">318P</subfield></datafield><datafield ind1="1" ind2=" " tag="700"><subfield code="a">Moldovan, R</subfield></datafield><datafield ind1=" " ind2=" " tag="852"><subfield code="a">49414</subfield><subfield code="c">531</subfield></datafield><datafield ind1=" " ind2=" " tag="CAT"><subfield code="a">Sys</subfield><subfield code="c">20100630</subfield><subfield code="h">130637</subfield></datafield></record></collection>